@book{book_key,
	address = {New York City},
	publisher = {Publisher},
	author = {Kenneth H.Rosen},
	title = {Discrete Mathematics and Its Applications},
	year = {1981},
	edition = {7},
	pages = {1-1071},
}

@article{article_key,
	address = {City},
	publisher = {Publisher},
	author = {Smith, James},
	title = {Article title},
	year = {2013},
	volume = {14},
	number = {6},
	pages = {1--8},
	month = {March}
}
