@book{book_key,
	address = {New York City},
	publisher = {Publisher},
	author = {Kenneth H.Rosen},
	title = {Discrete Mathematics and Its Applications},
	year = {1981},
	edition = {7},
	pages = {1-1071},
}

@book{book_key_R_programing,
	address = {"https://bookdown.org/rdpeng/rprogdatascience/history-and-overview-of-r.html"},
	publisher = {Roger D. Peng},
	author = {Roger D. Peng},
	title = {R Programming for Data Science},
	year = {2015},
	edition = {1},
	pages = {0-0},
}

@article{article_key_from_S_to_R,
	author = {bookdown.org},
	title = {History and Overview of R},
	pages = {all},
}

